{
  "leader": "02272cam a2200505 a 4500",
  "fields": [
    {
      "001": "ocm40285013\\"
    },
    {
      "003": "OCoLC"
    },
    {
      "005": "20220105120335.0"
    },
    {
      "008": "981111s1998\\\\\\\\cauao\\\\\\\\\\\\\\\\\\000\\0\\eng\\d"
    },
    {
      "010": {
        "ind1": "\\",
        "ind2": "\\",
        "subfields": [
          {
            "a": "   98221241 "
          }
        ]
      }
    },
    {
      "040": {
        "ind1": "\\",
        "ind2": "\\",
        "subfields": [
          {
            "a": "CBaK"
          },
          {
            "b": "eng"
          },
          {
            "c": "DLC"
          },
          {
            "d": "OCL"
          },
          {
            "d": "BAKER"
          },
          {
            "d": "CRH"
          },
          {
            "d": "BTCTA"
          },
          {
            "d": "YDXCP"
          },
          {
            "d": "OCLCG"
          },
          {
            "d": "JRS"
          },
          {
            "d": "OCLCF"
          },
          {
            "d": "OCLCO"
          },
          {
            "d": "OCLCQ"
          },
          {
            "d": "OCLCO"
          }
        ]
      }
    },
    {
      "020": {
        "ind1": "\\",
        "ind2": "\\",
        "subfields": [
          {
            "a": "1565792815"
          }
        ]
      }
    },
    {
      "020": {
        "ind1": "\\",
        "ind2": "\\",
        "subfields": [
          {
            "a": "9781565792814"
          }
        ]
      }
    },
    {
      "035": {
        "ind1": "\\",
        "ind2": "\\",
        "subfields": [
          {
            "a": "(OCoLC)40285013"
          }
        ]
      }
    },
    {
      "042": {
        "ind1": "\\",
        "ind2": "\\",
        "subfields": [
          {
            "a": "lccopycat"
          }
        ]
      }
    },
    {
      "043": {
        "ind1": "\\",
        "ind2": "\\",
        "subfields": [
          {
            "a": "n-us-ca"
          }
        ]
      }
    },
    {
      "050": {
        "ind1": "0",
        "ind2": "0",
        "subfields": [
          {
            "a": "F861"
          },
          {
            "b": ".F95 1998"
          }
        ]
      }
    },
    {
      "082": {
        "ind1": "0",
        "ind2": "0",
        "subfields": [
          {
            "a": "979.4"
          },
          {
            "b": "FUL"
          }
        ]
      }
    },
    {
      "100": {
        "ind1": "1",
        "ind2": "\\",
        "subfields": [
          {
            "a": "Fulton, William B.,"
          },
          {
            "d": "1955-"
          }
        ]
      }
    },
    {
      "245": {
        "ind1": "1",
        "ind2": "0",
        "subfields": [
          {
            "a": "California, land and legacy /"
          },
          {
            "c": "text by William Fulton ; foreword by Kevin Starr."
          }
        ]
      }
    },
    {
      "260": {
        "ind1": "\\",
        "ind2": "\\",
        "subfields": [
          {
            "a": "Englewood, Colo. :"
          },
          {
            "b": "Westcliffe Publishers,"
          },
          {
            "c": "\u00a91998."
          }
        ]
      }
    },
    {
      "300": {
        "ind1": "\\",
        "ind2": "\\",
        "subfields": [
          {
            "a": "180 pages :"
          },
          {
            "b": "illustrations (some color) ;"
          },
          {
            "c": "27 x 32 cm"
          }
        ]
      }
    },
    {
      "336": {
        "ind1": "\\",
        "ind2": "\\",
        "subfields": [
          {
            "a": "text"
          },
          {
            "b": "txt"
          },
          {
            "2": "rdacontent"
          }
        ]
      }
    },
    {
      "337": {
        "ind1": "\\",
        "ind2": "\\",
        "subfields": [
          {
            "a": "unmediated"
          },
          {
            "b": "n"
          },
          {
            "2": "rdamedia"
          }
        ]
      }
    },
    {
      "338": {
        "ind1": "\\",
        "ind2": "\\",
        "subfields": [
          {
            "a": "volume"
          },
          {
            "b": "nc"
          },
          {
            "2": "rdacarrier"
          }
        ]
      }
    },
    {
      "500": {
        "ind1": "\\",
        "ind2": "\\",
        "subfields": [
          {
            "a": "\"A project of the Conservation Fund.\""
          }
        ]
      }
    },
    {
      "505": {
        "ind1": "0",
        "ind2": "0",
        "subfields": [
          {
            "g": "Introduction. The California attitude --"
          },
          {
            "g": "pt. I."
          },
          {
            "t": "Creating California."
          },
          {
            "t": "The original California --"
          },
          {
            "t": "The gold --"
          },
          {
            "t": "The land --"
          },
          {
            "g": "pt. II. Building California."
          },
          {
            "t": "The magic liquid --"
          },
          {
            "t": "The trees --"
          },
          {
            "t": "The farms --"
          },
          {
            "t": "The ocean --"
          },
          {
            "t": "Under the ground --"
          },
          {
            "g": "pt. III. California today."
          },
          {
            "t": "The foothills --"
          },
          {
            "t": "The forest --"
          },
          {
            "t": "The valley --"
          },
          {
            "t": "The coast --"
          },
          {
            "t": "The delta --"
          },
          {
            "t": "The scrub coast --"
          },
          {
            "t": "The desert --"
          },
          {
            "t": "Conclusion. The California legacy."
          }
        ]
      }
    },
    {
      "610": {
        "ind1": "2",
        "ind2": "0",
        "subfields": [
          {
            "a": "Conservation Fund (Arlington, Va.)"
          }
        ]
      }
    },
    {
      "650": {
        "ind1": "\\",
        "ind2": "0",
        "subfields": [
          {
            "a": "Land use"
          },
          {
            "z": "California"
          },
          {
            "x": "History."
          }
        ]
      }
    },
    {
      "650": {
        "ind1": "\\",
        "ind2": "0",
        "subfields": [
          {
            "a": "Landscape changes"
          },
          {
            "z": "California"
          },
          {
            "x": "History."
          }
        ]
      }
    },
    {
      "650": {
        "ind1": "\\",
        "ind2": "0",
        "subfields": [
          {
            "a": "Human geography"
          },
          {
            "z": "California"
          },
          {
            "x": "History."
          }
        ]
      }
    },
    {
      "651": {
        "ind1": "\\",
        "ind2": "0",
        "subfields": [
          {
            "a": "California"
          },
          {
            "x": "Description and travel."
          }
        ]
      }
    },
    {
      "651": {
        "ind1": "\\",
        "ind2": "0",
        "subfields": [
          {
            "a": "California"
          },
          {
            "v": "Pictorial works."
          }
        ]
      }
    },
    {
      "610": {
        "ind1": "2",
        "ind2": "7",
        "subfields": [
          {
            "a": "Conservation Fund (Arlington, Va.)"
          },
          {
            "2": "fast"
          },
          {
            "0": "(OCoLC)fst00652930"
          }
        ]
      }
    },
    {
      "650": {
        "ind1": "\\",
        "ind2": "7",
        "subfields": [
          {
            "a": "Human geography."
          },
          {
            "2": "fast"
          },
          {
            "0": "(OCoLC)fst00963107"
          }
        ]
      }
    },
    {
      "650": {
        "ind1": "\\",
        "ind2": "7",
        "subfields": [
          {
            "a": "Land use."
          },
          {
            "2": "fast"
          },
          {
            "0": "(OCoLC)fst00991472"
          }
        ]
      }
    },
    {
      "650": {
        "ind1": "\\",
        "ind2": "7",
        "subfields": [
          {
            "a": "Landscape changes."
          },
          {
            "2": "fast"
          },
          {
            "0": "(OCoLC)fst00991873"
          }
        ]
      }
    },
    {
      "650": {
        "ind1": "\\",
        "ind2": "7",
        "subfields": [
          {
            "a": "Travel."
          },
          {
            "2": "fast"
          },
          {
            "0": "(OCoLC)fst01155558"
          }
        ]
      }
    },
    {
      "651": {
        "ind1": "\\",
        "ind2": "7",
        "subfields": [
          {
            "a": "California."
          },
          {
            "2": "fast"
          },
          {
            "0": "(OCoLC)fst01204928"
          }
        ]
      }
    },
    {
      "655": {
        "ind1": "\\",
        "ind2": "7",
        "subfields": [
          {
            "a": "History."
          },
          {
            "2": "fast"
          },
          {
            "0": "(OCoLC)fst01411628"
          }
        ]
      }
    },
    {
      "655": {
        "ind1": "\\",
        "ind2": "7",
        "subfields": [
          {
            "a": "Pictorial works."
          },
          {
            "2": "fast"
          },
          {
            "0": "(OCoLC)fst01423874"
          }
        ]
      }
    },
    {
      "700": {
        "ind1": "1",
        "ind2": "\\",
        "subfields": [
          {
            "a": "Starr, Kevin."
          }
        ]
      }
    },
    {
      "994": {
        "ind1": "\\",
        "ind2": "\\",
        "subfields": [
          {
            "a": "Z0"
          },
          {
            "b": "NYRVC"
          }
        ]
      }
    },
    {
      "948": {
        "ind1": "\\",
        "ind2": "\\",
        "subfields": [
          {
            "h": "NO HOLDINGS IN NYRVC - 104 OTHER HOLDINGS"
          }
        ]
      }
    },
    {
      "999": {
        "ind1": "\\",
        "ind2": "\\",
        "subfields": [
          {
            "a": "00000000015535"
          }
        ]
      }
    }
  ]
}